@article{super,
  author    = {Christian Ledig and
               Lucas Theis and
               Ferenc Huszar and
               Jose Caballero and
               Andrew P. Aitken and
               Alykhan Tejani and
               Johannes Totz and
               Zehan Wang and
               Wenzhe Shi},
  title     = {Photo-Realistic Single Image Super-Resolution Using a Generative Adversarial
               Network},
  journal   = {CoRR},
  volume    = {abs/1609.04802},
  year      = {2016},
  url       = {http://arxiv.org/abs/1609.04802},
  archivePrefix = {arXiv},
  eprint    = {1609.04802},
  timestamp = {Mon, 13 Aug 2018 16:48:38 +0200},
  biburl    = {https://dblp.org/rec/bib/journals/corr/LedigTHCATTWS16},
  bibsource = {dblp computer science bibliography, https://dblp.org}
}

@article{Berg,
  author    = {Matthew Berger and
               Jixian Li and
               Joshua A. Levine},
  title     = {A Generative Model for Volume Rendering},
  journal   = {CoRR},
  volume    = {abs/1710.09545},
  year      = {2017},
  url       = {http://arxiv.org/abs/1710.09545},
  archivePrefix = {arXiv},                                                                                                                                                                 eprint    = {1710.09545},
  timestamp = {Mon, 13 Aug 2018 16:47:11 +0200},                                                                                                                                           biburl    = {https://dblp.org/rec/bib/journals/corr/abs-1710-09545},                                                                                                                     bibsource = {dblp computer science bibliography, https://dblp.org}
}


@article{He,
   title={InSituNet: Deep Image Synthesis for Parameter Space Exploration of Ensemble Simulations},
   ISSN={2160-9306},
   url={http://dx.doi.org/10.1109/TVCG.2019.2934312},
   DOI={10.1109/tvcg.2019.2934312},
   journal={IEEE Transactions on Visualization and Computer Graphics},
   publisher={Institute of Electrical and Electronics Engineers (IEEE)},
   author={He, Wenbin and Wang, Junpeng and Guo, Hanqi and Wang, Ko-Chih and Shen, Han-Wei and Raj, Mukund and Nashed, Youssef S. G. and Peterka, Tom},
   year={2019},
   pages={1â€“1}
}

@article{frame,
  author    = {Simon Niklaus and
               Long Mai and
               Feng Liu},
  title     = {Video Frame Interpolation via Adaptive Separable Convolution},
  journal   = {CoRR},
  volume    = {abs/1708.01692},
  year      = {2017},
  url       = {http://arxiv.org/abs/1708.01692},
  archivePrefix = {arXiv},
  eprint    = {1708.01692},
  timestamp = {Mon, 15 Oct 2018 16:57:50 +0200},
  biburl    = {https://dblp.org/rec/bib/journals/corr/abs-1708-01692},
  bibsource = {dblp computer science bibliography, https://dblp.org}
}

@article{radford2019language,
  title={Language Models are Unsupervised Multitask Learners},
  author={Radford, Alec and Wu, Jeff and Child, Rewon and Luan, David and Amodei, Dario and Sutskever, Ilya},
  year={2019}
}
